Automatically generated by Mendeley Desktop 1.19.8
Any changes to this file will be lost if it is regenerated by Mendeley.

BibTeX export options can be customized via Options -> BibTeX in Mendeley Desktop

@article{Singh1996,
author = {Singh, Satinder and Sutton, Richard},
doi = {10.1023/A:1018012322525},
file = {:C\:/Users/MarlonChan/Downloads/singh96reinforcement.pdf:pdf},
journal = {Machine Learning},
number = {22},
pages = {123--158},
title = {{Reinforcement Learning with Replacing Eligibility Traces}},
year = {1996}
}
@article{Cichosz1995,
author = {Cichosz, Pawel},
file = {:C\:/MarlonChan/Documents/Investigation/Bibliography/Reinforcement Learning/1995 - Cichosz. Truncating Temporal Diferences.pdf:pdf},
journal = {Journal of Artificial Intelligence Research},
number = {2},
pages = {287--318},
title = {{Truncating Temporal Differences : On the Effcient Implementation of TD(\lamda) for Reinforcement Learning}},
year = {1995}
}
@techreport{Brockman2016,
archivePrefix = {arXiv},
arxivId = {arXiv:1606.01540v1},
author = {Brockman, Greg and Cheung, Vicki and Pettersson, Ludwig and Schneider, Jonas and Schulman, John and Tang, Jie and Zaremba, Wojciech},
eprint = {arXiv:1606.01540v1},
file = {:C\:/MarlonChan/Documents/Investigation/Bibliography/Reinforcement Learning/2016 - Brockman. OpenAI Gy.pdf:pdf},
title = {{OpenAI Gym}},
year = {2016}
}
@article{Florian2007,
author = {Florian, V},
file = {:C\:/MarlonChan/Documents/Investigation/Bibliography/Reinforcement Learning/2007 - Florian. Correct equations for the dynamics of the.pdf:pdf},
title = {{Correct equations for the dynamics of the cart-pole system}},
url = {https://coneural.org/florian/papers/05_cart_pole.pdf},
year = {2007}
}
@inproceedings{Danesh2021,
archivePrefix = {arXiv},
arxivId = {arXiv:2107.04982v1},
author = {Danesh, Mohamad H and Fern, Alan},
booktitle = {ICML 2021 Workshop on Uncertainty and Robustness in Deep Learning},
eprint = {arXiv:2107.04982v1},
file = {:C\:/MarlonChan/Documents/Investigation/Bibliography/Fault Tolerant Control/2021 - Danesh. Out-of-Distribution Dynamics Detection.pdf:pdf},
title = {{Out-of-Distribution Dynamics Detection: RL-Relevant Benchmarks and Results}},
year = {2021}
}
@article{Manrique2020,
author = {{Manrique Escobar}, Camilo Andr{\'{e}}s and Pappalardo, Carmine Maria and Guida, Domenico},
doi = {10.3390/app10249013},
file = {:C\:/MarlonChan/Documents/Investigation/Bibliography/Reinforcement Learning/2020 - Manrique. A Parametric Study of a Deep Reinforcement.pdf:pdf},
journal = {Applied Sciences},
keywords = {artificial,cart-pole swing-up,deep reinforcement learning,dry friction,intelligence,machine learning,multibody system dynamics,nonlinear control,robustness},
number = {10},
pages = {9013},
title = {{A Parametric Study of a Deep Reinforcement Learning Control System Applied to the Swing-Up Problem of the Cart-Pole}},
year = {2020}
}
@misc{Canonaco2020,
author = {Canonaco, Giuseppe and Restelli, Marcello and Roveri, Manuel},
doi = {10.3233/FAIA200200},
file = {:C\:/MarlonChan/Documents/Investigation/Bibliography/Fault Tolerant Control/2020 - Canonaco. Model-Free Non-Stationarity Detection and Adaptation.pdf:pdf},
title = {{Model-Free Non-Stationarity Detection and Adaptation in Reinforcement Learning}},
year = {2020}
}
